
@INPROCEEDINGS{fogdeploy,
author={P. {Silva} and A. {Costan} and G. {Antoniu}},
booktitle={2019 IEEE International Parallel and Distributed Processing Symposium Workshops (IPDPSW)},
title={Towards a Methodology for Benchmarking Edge Processing Frameworks},
year={2019},
volume={},
number={},
pages={904-907},
keywords={cloud computing;data analysis;Internet of Things;Internet of Things;relevant means;offload data processing;data sources;clear means today;edge processing frameworks;spectacular growth;distributed systems community;centralized clouds;feature-based comparison;Benchmark testing;Edge computing;Tools;Cloud computing;Data analysis;Open source software;Edge Computing;Edge Analytics;Fog Computing;Cloud Computing;Benchmarking},
doi={10.1109/IPDPSW.2019.00149},
ISSN={null},
month={May},}

@misc{openfogRA,
  author =   {{IEEE Standards Association}},
  title =  {{IEEE} Standard for Adoption of {OpenFog} Reference
                  Architecture for Fog Computing},
  year =   2018,
  note = {\url{https://standards.ieee.org/standard/1934-2018.html}},
}

@online{ciscoFog,
  author = {Cisco},
  title = {Fog Computing and the Internet of Things: Extend the Cloud to Where the Things Are},
  year = 2015,
  note = {\url{https://www.cisco.com/c/dam/en_us/solutions/trends/iot/docs/computing-overview.pdf}},
}

@online{ApacheFlink,
  title = {Apache Flink: Stateful Computations over Data Streams},
  note = {\url{https://flink.apache.org/}},
}

@article{zeuch2019analyzing,
  title =  {Analyzing efficient stream processing on modern
                  hardware},
  author =   {Zeuch, Steffen and Monte, Bonaventura Del and
                  Karimov, Jeyhun and Lutz, Clemens and Renz, Manuel
                  and Traub, Jonas and Bre{\ss}, Sebastian and Rabl,
                  Tilmann and Markl, Volker},
  journal =  {Proceedings of the VLDB Endowment},
  volume =   12,
  number =   5,
  year =   2019,
}

@inproceedings{lee2017data,
  title =  {A data streaming performance evaluation using
                  resource constrained edge device},
  author =   {Lee, Hwejoo and Oh, Junghyun and Kim, Kyungrae and
                  Yeon, Hunje},
  booktitle =  {Proceedings of the International Conference on Information and
                  Communication Technology Convergence (ICTC)},
  year =   2017,
}

@article{ismail2019manufacturing,
  title =  {Manufacturing process data analysis pipelines: a
                  requirements analysis and survey},
  author =   {Ismail, Ahmed and Truong, Hong-Linh and Kastner,
                  Wolfgang},
  journal =  {Journal of Big Data},
  volume =   6,
  number =   1,
  pages =  1,
  year =   2019,
  publisher =  {Springer}
}

@article{de2018distributed,
  title={Distributed data stream processing and edge computing: A survey on resource elasticity and future directions},
  author={de Assuncao, Marcos Dias and da Silva Veith, Alexandre and Buyya, Rajkumar},
  journal={Journal of Network and Computer Applications},
  volume={103},
  pages={1--17},
  year={2018},
  publisher={Elsevier}
}

@inproceedings{hoque2017towards,
  title={Towards container orchestration in fog computing infrastructures},
  author={Hoque, Saiful and de Brito, Mathias Santos and Willner, Alexander and Keil, Oliver and Magedanz, Thomas},
  booktitle={2017 IEEE 41st Annual Computer Software and Applications Conference (COMPSAC)},
  volume={2},
  pages={294--299},
  year={2017},
  organization={IEEE}
}
